@PREAMBLE{
 "\providecommand{\noopsort}[1]{}" 
 # "\providecommand{\singleletter}[1]{#1}%" 
}
@article{cervantes2008media,
	title={Media, varianza y desviaci{\'o}n est{\'a}ndar},
	author={Cervantes-Hern{\'a}ndez, Pedro},
	journal={Ciencia y Mar},
	volume={12},
	number={34},
	pages={29--36},
	year={2008}
}
@article{trabajopasado,
	title={Mediciones y errores},
	author={Sanabria Ugarte, Anahí},
	journal={Laboratorio de física general.},
	number={1},
	pages={1--5},
	year={2023}
}