@book{young2018sears,
	title={Sears y Zemansky F{\'\i}sica universitaria},
	author={Young, Hugh D, Freedman, Roger A.},
	year={2018},
	publisher={Pearson Educación de México, S.A de C.V}
}